@inproceedings{example2022,
  title={This is a Paper Title},
  author={Familyname, Givenname},
  booktitle={Utopia},
  pages={000---001},
  year={2022}
}